<?xml version="1.0" encoding="UTF-8"?><collection xmlns="http://www.loc.gov/MARC21/slim"><record><leader>00529nam--2200181-i-4500</leader><controlfield tag="001">000037553</controlfield><controlfield tag="002">20161230</controlfield><controlfield tag="005">20170102222510</controlfield><controlfield tag="008">060222s1000------------r-----000-0-eng-d</controlfield><datafield ind1=" " ind2=" " tag="040"><subfield code="a">IFIN-HH</subfield></datafield><datafield ind1=" " ind2=" " tag="080"><subfield code="a">539.143.43</subfield></datafield><datafield ind1="1" ind2=" " tag="100"><subfield code="a">Emsley, J. W</subfield></datafield><datafield ind1="1" ind2="0" tag="245"><subfield code="a">Progress in nuclear magnetic resonance spectroscopy</subfield><subfield code="b">Volume 1</subfield><subfield code="c">J.W. Emsley, J. Feeney, L.H. Sutcliffe (eds.)</subfield></datafield><datafield ind1=" " ind2=" " tag="260"><subfield code="a">Oxford</subfield><subfield code="b">Pergamon Press</subfield><subfield code="c">1966</subfield></datafield><datafield ind1=" " ind2=" " tag="300"><subfield code="a">386 p</subfield></datafield><datafield ind1="1" ind2=" " tag="700"><subfield code="a">Sutcliffe, L. H</subfield><subfield code="e">Ed</subfield></datafield><datafield ind1=" " ind2=" " tag="852"><subfield code="a">27030</subfield><subfield code="c">539.143.43</subfield></datafield><datafield ind1=" " ind2=" " tag="CAT"><subfield code="a">SYS</subfield><subfield code="c">20170102</subfield><subfield code="h">222510</subfield></datafield></record></collection>